@BOOK{Brasseur,
   author = "BRASSEUR Christophe",
   title= "Data Management : qualité des données et compétitivité",
   publisher = "Paris : Hermès",
   year = 2005
   }
